%% This BibTeX bibliography file was created using BibDesk.
%% http://bibdesk.sourceforge.net/


%% Created for Aaron Snoswell at 2014-06-05 01:04:11 +1000 


%% Saved with string encoding Unicode (UTF-8) 



@misc{patel2013lfptools,
	Author = {Patel, Nirav},
	Date-Added = {2014-06-04 15:02:59 +0000},
	Date-Modified = {2014-06-04 15:03:58 +0000},
	Keywords = {software;},
	Month = {January},
	Title = {lfptools},
	Url = {https://github.com/nrpatel/lfptools},
	Year = {2013}}

@article{adelson1991plenoptic,
	Author = {Adelson, Edward H and Bergen, James R},
	Date-Added = {2014-06-04 10:19:52 +0000},
	Date-Modified = {2014-06-04 10:20:59 +0000},
	Journal = {Computational models of visual processing},
	Keywords = {plenoptic; vision;},
	Number = {2},
	Title = {The plenoptic function and the elements of early vision},
	Volume = {1},
	Year = {1991}}

@inproceedings{dansereau2013decoding,
	Author = {Dansereau, Donald G and Pizarro, Oscar and Williams, Stefan B},
	Booktitle = {Computer Vision and Pattern Recognition (CVPR), 2013 IEEE Conference on},
	Date-Added = {2014-06-04 09:55:27 +0000},
	Date-Modified = {2014-06-04 09:55:51 +0000},
	Keywords = {rectification; calibration;},
	Organization = {IEEE},
	Pages = {1027--1034},
	Title = {Decoding, calibration and rectification for lenselet-based plenoptic cameras},
	Year = {2013},
	Bdsk-File-1 = {YnBsaXN0MDDUAQIDBAUGJCVYJHZlcnNpb25YJG9iamVjdHNZJGFyY2hpdmVyVCR0b3ASAAGGoKgHCBMUFRYaIVUkbnVsbNMJCgsMDxJXTlMua2V5c1pOUy5vYmplY3RzViRjbGFzc6INDoACgAOiEBGABIAFgAdccmVsYXRpdmVQYXRoWWFsaWFzRGF0YV8QHnBkZnMvZGFuc2VyZWF1MjAxM2RlY29kaW5nLnBkZtIXCxgZV05TLmRhdGFPEQIKAAAAAAIKAAIAAApIYXJkIERyaXZlAAAAAAAAAAAAAAAAAAAAAADKPP2jSCsAAAWsdD0ZZGFuc2VyZWF1MjAxM2RlY29kaW5nLnBkZgAAAAAAAAAAAAAAAAAAAAAAAAAAAAAAAAAAAAAAAAAAAAAAAAAABax0M8+1KmYAAAAAAAAAAAABAAMAAAkgAAAAAAAAAAAAAAAAAAAABHBkZnMAEAAIAADKPHEDAAAAEQAIAADPtJ3GAAAAAQAcBax0PQWsWccFqz2JBZJq8wC1MRIABQDtAAC/MQACAG1IYXJkIERyaXZlOlVzZXJzOgBhYXJvbjoAVW5pdmVyc2l0eToAVGhlc2lzOgBUaGVzaXMgRmluYWwgQ29weToAYmlibGlvZ3JhcGh5OgBwZGZzOgBkYW5zZXJlYXUyMDEzZGVjb2RpbmcucGRmAAAOADQAGQBkAGEAbgBzAGUAcgBlAGEAdQAyADAAMQAzAGQAZQBjAG8AZABpAG4AZwAuAHAAZABmAA8AFgAKAEgAYQByAGQAIABEAHIAaQB2AGUAEgBbVXNlcnMvYWFyb24vVW5pdmVyc2l0eS9UaGVzaXMvVGhlc2lzIEZpbmFsIENvcHkvYmlibGlvZ3JhcGh5L3BkZnMvZGFuc2VyZWF1MjAxM2RlY29kaW5nLnBkZgAAEwABLwAAFQACAAz//wAAgAbSGxwdHlokY2xhc3NuYW1lWCRjbGFzc2VzXU5TTXV0YWJsZURhdGGjHR8gVk5TRGF0YVhOU09iamVjdNIbHCIjXE5TRGljdGlvbmFyeaIiIF8QD05TS2V5ZWRBcmNoaXZlctEmJ1Ryb290gAEACAARABoAIwAtADIANwBAAEYATQBVAGAAZwBqAGwAbgBxAHMAdQB3AIQAjgCvALQAvALKAswC0QLcAuUC8wL3Av4DBwMMAxkDHAMuAzEDNgAAAAAAAAIBAAAAAAAAACgAAAAAAAAAAAAAAAAAAAM4}}

@misc{esfahbod2013python,
	Author = {Esfahbod, Behnam},
	Date-Added = {2014-06-04 09:52:06 +0000},
	Date-Modified = {2014-06-04 10:21:34 +0000},
	Keywords = {software; python;},
	Month = {March},
	Title = {python-lfp-reader},
	Url = {https://github.com/behnam/python-lfp-reader},
	Year = {2013}}

@misc{dansereau2013toolbox,
	Author = {Dansereau, Donald G},
	Date-Added = {2014-06-04 09:49:31 +0000},
	Date-Modified = {2014-06-04 10:21:27 +0000},
	Keywords = {matlab; software; toolbox},
	Month = {April},
	Title = {{L}ight {F}ield {T}oolbox for {MATLAB}},
	Url = {http://www.mathworks.com.au/matlabcentral/fileexchange/41511-light-field-toolbox-v0-2},
	Year = {2013}}

@misc{rwth2007toolbox,
	Author = {RWTH Aachen University},
	Date-Added = {2014-06-04 09:30:49 +0000},
	Date-Modified = {2014-06-04 09:56:16 +0000},
	Keywords = {toolbox; matlab, software},
	Title = {{NXT} {T}oolbox for {MATLAB}},
	Year = {2007}}
